<collection xmlns="http://www.loc.gov/MARC21/slim">
<record>
  <leader>01837nam a2200373 a 4500</leader>
  <controlfield tag="001">3210509</controlfield>
  <controlfield tag="007">he amb---bbcp</controlfield>
  <controlfield tag="007">he bmb---baap</controlfield>
  <controlfield tag="008">831201s1893    onc     b     000 0 eng d</controlfield>
  <datafield tag="020" ind1=" " ind2=" ">
    <subfield code="a">0665289146</subfield>
  </datafield>
  <datafield tag="035" ind1=" " ind2=" ">
    <subfield code="a">ocm10360197</subfield>
  </datafield>
  <datafield tag="040" ind1=" " ind2=" ">
    <subfield code="a">CaOOCIHM</subfield>
    <subfield code="b">eng</subfield>
    <subfield code="d">AEU</subfield>
  </datafield>
  <datafield tag="043" ind1=" " ind2=" ">
    <subfield code="a">n-cn-on</subfield>
  </datafield>
  <datafield tag="082" ind1="0" ind2=" ">
    <subfield code="a">361.763</subfield>
    <subfield code="2">19</subfield>
  </datafield>
  <datafield tag="090" ind1=" " ind2=" ">
    <subfield code="a">FC 02 0203 no. 28914</subfield>
    <subfield code="b">AEU</subfield>
  </datafield>
  <datafield tag="245" ind1="1" ind2="1">
    <subfield code="a">[Circular]</subfield>
    <subfield code="h">[microform] :</subfield>
    <subfield code="b">this Association has been formed for the purpose of uniting in educational and practical efforts all those who earnestly desire the improvement of the social and moral condition of humanity /</subfield>
    <subfield code="c">Social Problems Association of Toronto .</subfield>
  </datafield>
  <datafield tag="260" ind1=" " ind2=" ">
    <subfield code="a">[Toronto? :</subfield>
    <subfield code="b">s.n.,</subfield>
    <subfield code="c">1893?]</subfield>
  </datafield>
  <datafield tag="300" ind1=" " ind2=" ">
    <subfield code="a">1 microfiche (4 fr.).</subfield>
  </datafield>
  <datafield tag="490" ind1="1" ind2=" ">
    <subfield code="a">CIHM/ICMH Microfiche series = CIHM/ICMH collection de microfiches ;</subfield>
    <subfield code="v">no. 28914</subfield>
  </datafield>
  <datafield tag="500" ind1=" " ind2=" ">
    <subfield code="a">At head of title: President, Rev. WM. Galbraith, Ph.D.; Vice-President, F.E. Titus; Secretary, Geo. A. Howell; Treasurer, F.A. Belcher.</subfield>
  </datafield>
  <datafield tag="500" ind1=" " ind2=" ">
    <subfield code="a">Signed: Geo. A. Howell, Secretary, 316 Wellesley Street, Toronto.</subfield>
  </datafield>
  <datafield tag="533" ind1=" " ind2=" ">
    <subfield code="a">Filmed from a copy of the original publication held by the Thomas Fisher Rare Book Library, University of Toronto Library.</subfield>
    <subfield code="b">Ottawa :</subfield>
    <subfield code="c">Canadian Institute for Historical Microreproductions,</subfield>
    <subfield code="d">1982.</subfield>
  </datafield>
  <datafield tag="596" ind1=" " ind2=" ">
    <subfield code="a">43</subfield>
  </datafield>
  <datafield tag="610" ind1="2" ind2="0">
    <subfield code="a">Social Problems Association of Toronto.</subfield>
  </datafield>
  <datafield tag="610" ind1="2" ind2="6">
    <subfield code="a">Social Problems Association of Toronto.</subfield>
  </datafield>
  <datafield tag="650" ind1=" " ind2="0">
    <subfield code="a">Charitable societies.</subfield>
  </datafield>
  <datafield tag="650" ind1=" " ind2="0">
    <subfield code="a">Associations, institutions, etc.</subfield>
    <subfield code="z">Ontario</subfield>
    <subfield code="z">Toronto.</subfield>
  </datafield>
  <datafield tag="650" ind1=" " ind2="6">
    <subfield code="a">Sociétés de bienfaisa</subfield>
  </datafield>
<!-- No separator at end of field length=32 -->
  <datafield tag="650" ind1="c" ind2="e">
  </datafield>
<!-- Separator but not at end of field length=67 -->
  <datafield tag="710" ind1="d" ind2="e">
  </datafield>
<!-- Separator but not at end of field length=44 -->
  <datafield tag="830" ind1="t" ind2="o">
  </datafield>
<!-- Separator but not at end of field length=45 -->
  <datafield tag="949" ind1="9" ind2="1">
  </datafield>
<!-- Separator but not at end of field length=22 -->
  <datafield tag="016" ind1="P" ind2="R">
  </datafield>
<!-- Separator but not at end of field length=15 -->
  <datafield tag="926" ind1="6" ind2="1">
  </datafield>
<!-- Separator but not at end of field length=58 -->
</record>
</collection>
